<?xml version="1.0" encoding="UTF-8"?><collection xmlns="http://www.loc.gov/MARC21/slim"><record><leader>00303nam--2200121-i-4500</leader><controlfield tag="001">000033555</controlfield><controlfield tag="002">20161230</controlfield><controlfield tag="005">20161230201039</controlfield><controlfield tag="008">060222s1000------------r-----000-0-eng-d</controlfield><datafield ind1=" " ind2=" " tag="100"><subfield code="a">Mezentsev, V</subfield></datafield><datafield ind1=" " ind2=" " tag="245"><subfield code="a">Le monde des isotopes</subfield></datafield><datafield ind1=" " ind2=" " tag="260"><subfield code="a">Moscow, Editions En Langues Etrangeres, 1958. 52p</subfield></datafield><datafield ind1=" " ind2=" " tag="852"><subfield code="a">5913</subfield></datafield></record></collection>